<?xml version="1.0" encoding="UTF-8"?><collection xmlns="http://www.loc.gov/MARC21/slim"><record><leader>00397nam--2200145-i-4500</leader><controlfield tag="001">000039295</controlfield><controlfield tag="002">20161230</controlfield><controlfield tag="005">20161230201042</controlfield><controlfield tag="008">060222s1000------------r-----000-0-eng-d</controlfield><datafield ind1=" " ind2=" " tag="080"><subfield code="a">621.38.049.7</subfield></datafield><datafield ind1=" " ind2=" " tag="100"><subfield code="a">Roddy,D</subfield></datafield><datafield ind1=" " ind2=" " tag="245"><subfield code="a">Intro.to microelectronics</subfield></datafield><datafield ind1=" " ind2=" " tag="260"><subfield code="a">Oxford, Pergamon Press, 1970. X + 151 P</subfield></datafield><datafield ind1=" " ind2=" " tag="490"><subfield code="a">Library Of Industrial And Comercial Education And Training</subfield></datafield><datafield ind1=" " ind2=" " tag="852"><subfield code="a">35406</subfield></datafield></record></collection>